@article{Hoskin1979,
	author = {Michael Hoskin},
	title = {Goodricke, Pigott and the Quest for Variable Stars},
	journal = {Journal for the History of Astronomy},
	volume = {10},
	number = {1},
	pages = {23-41},
	year = {1979},
	doi = {10.1177/002182867901000103},
	URL = {https://doi.org/10.1177/002182867901000103}
}

@article{Pigott1785,
	author = {Edward Pigott},
	doi = {10.1098/rstl.1785.0007},
	url = {https://doi.org/10.1098/rstl.1785.0007},
	year = {1785},
	publisher = {The Royal Society},
	volume = {75},
	pages = {127--136},
	title = {{VII}. Observations of a new variable star. In a letter from Edward Pigott,  Esq. to Sir. H. C. Englefield,  Bart. F.R.S. and A.S},
	journal = {Philosophical Transactions of the Royal Society of London}
}

@article{Goodricke1786,
	author = {John Goodricke},
	doi = {10.1098/rstl.1786.0002},
	url = {https://doi.org/10.1098/rstl.1786.0002},
	year = {1786},
	publisher = {The Royal Society},
	volume = {76},
	pages = {48--61},
	title = {{II}. A series of observations on,  and a discovery of,  the period of the variation of the light of the star marked $\updelta$ by Bayer,  near the head of Cepheus. In a letter from John Goodricke,  Esq. to Nevil Maskelyne,  D.D. F. R. S},
	journal = {Philosophical Transactions of the Royal Society of London}
}

@ARTICLE{Jetsu2013,
	author = {{Jetsu}, L. and {Porceddu}, S. and {Lyytinen}, J. and {Kajatkari}, P. and {Lehtinen}, J. and {Markkanen}, T. and {Toivari-Viitala}, J.},
	title = "{Did the Ancient Egyptians Record the Period of the Eclipsing Binary Algol{\textemdash}The Raging One?}",
	journal = {\apj},
	keywords = {binaries: eclipsing, history and philosophy of astronomy, methods: statistical, stars: evolution, stars: individual: Algol Bet Per HD 19356, Astrophysics - Solar and Stellar Astrophysics},
	year = 2013,
	volume = {773},
	number = {1},
	eid = {1},
	pages = {1},
	doi = {10.1088/0004-637X/773/1/1},
	archivePrefix = {arXiv},
	eprint = {1204.6206},
	primaryClass = {astro-ph.SR},
	adsurl = {https://ui.adsabs.harvard.edu/abs/2013ApJ...773....1J},
	adsnote = {Provided by the SAO/NASA Astrophysics Data System}
}

@ARTICLE{Jetsu2015,
	author = {{Jetsu}, Lauri and {Porceddu}, Sebastien},
	title = "{Shifting Milestones of Natural Sciences: The Ancient Egyptian Discovery of Algol's Period Confirmed}",
	journal = {PLoS ONE},
	keywords = {Prognosis, Eyes, Moon, Astronomy, Algol, Astrophysics - Solar and Stellar Astrophysics},
	year = 2015,
	volume = {10},
	pages = {44140},
	doi = {10.1371/journal.pone.0144140},
	archivePrefix = {arXiv},
	eprint = {1601.06990},
	primaryClass = {astro-ph.SR},
	adsurl = {https://ui.adsabs.harvard.edu/abs/2015PLoSO..1044140J},
	adsnote = {Provided by the SAO/NASA Astrophysics Data System}
}



@ARTICLE{Wilk1996,
	author = {{Wilk}, Stephen R.},
	title = "{Mythological Evidence for Ancient Observations of Variable Stars}",
	journal = {\jaavso},
	keywords = {Variable Stars, Variable Star History},
	year = 1996,
	volume = {24},
	number = {2},
	pages = {129-133},
	adsurl = {https://ui.adsabs.harvard.edu/abs/1996JAVSO..24..129W},
	adsnote = {Provided by the SAO/NASA Astrophysics Data System}
}

@article{HOPENGYOKE1962,
	title = {Ancient and mediaeval observations of comets and novae in Chinese sources},
	journal = {Vistas in Astronomy},
	volume = {5},
	pages = {127-225},
	year = {1962},
	issn = {0083-6656},
	doi = {https://doi.org/10.1016/0083-6656(62)90007-7},
	url = {https://www.sciencedirect.com/science/article/pii/0083665662900077},
	author = { {Ho Peng Yoke} and  {Ho Ping-Yü}},
}

@ARTICLE{Hoffleit1997,
	author = {{Hoffleit}, Dorrit},
	title = "{History of the Discovery of Mira Stars}",
	journal = {\jaavso},
	keywords = {Variable Stars, Mira Variables, Mira},
	year = 1997,
	month = jan,
	volume = {25},
	number = {2},
	pages = {115-136},
	adsurl = {https://ui.adsabs.harvard.edu/abs/1997JAVSO..25..115H},
	adsnote = {Provided by the SAO/NASA Astrophysics Data System}
}


@article{Kiss1998,
	author = {Kiss, László L.},
	title = "{A photometric and spectroscopic study of the brightest northern Cepheids — I. Observations}",
	journal = {\mnras},
	volume = {297},
	number = {3},
	pages = {825-838},
	year = {1998},
	month = {07},
	issn = {0035-8711},
	doi = {10.1046/j.1365-8711.1998.01559.x},
	url = {https://doi.org/10.1046/j.1365-8711.1998.01559.x},
	eprint = {https://academic.oup.com/mnras/article-pdf/297/3/825/3024288/297-3-825.pdf},
}



@book{aristotle,
	author = {Aristotle},
	title = {On the Heavens},
	year = {350 BCE},
	translator = {Stocks J. L.},
	publisher = {The Clarendon Press, 1992},
	location = {Oxford},
	langid = {english},
	langidopts = {variant=american},
	shorttitle = {On the Heavens},
	note   = {Translated to english by Stocks,~J.~L. \href{https://en.wikisource.org/wiki/On_the_Heavens}{Aviable~online}.},
}


@article{Pogson1856,
	author = {Pogson, Norman},
	title = "{Magnitudes of Thirty-six of the Minor Planets for the First Day of each Month of the Year 1857}",
	journal = {\mnras},
	volume = {17},
	number = {1},
	pages = {12-15},
	year = {1856},
	month = {11},
	issn = {0035-8711},
	doi = {10.1093/mnras/17.1.12},
	url = {https://doi.org/10.1093/mnras/17.1.12}
}


@article{Pickering1880,
	ISSN = {01999818},
	URL = {http://www.jstor.org/stable/25138595},
	author = {Edward C. Pickering},
	journal = {Proceedings of the American Academy of Arts and Sciences},
	pages = {1--37},
	publisher = {American Academy of Arts & Sciences},
	title = {Dimensions of the Fixed Stars, with Especial Reference to Binaries and Variables of the Algol Type},
	volume = {16},
	year = {1880}
}

@article{Lockyer1896,
	doi = {10.1098/rspl.1895.0063},
	url = {https://doi.org/10.1098/rspl.1895.0063},
	author = {Joseph Norman Lockyer},
	year = {1896},
	publisher = {The Royal Society},
	volume = {59},
	number = {353-358},
	pages = {101--106},
	title = {On the variable stars of the $\updelta$ cephei class},
	journal = {Proceedings of the Royal Society of London}
}

@article{Lockyer1897,
	ISSN = {03701662},
	URL = {http://www.jstor.org/stable/115944},
	author = {J. Norman Lockyer},
	journal = {Proceedings of the Royal Society of London},
	pages = {445--455},
	publisher = {The Royal Society},
	title = {On the Classification of Stars of the δ  Cephei Class},
	volume = {61},
	year = {1897}
}


@BOOK{Hoffleit1993,
	author = {{Hoffleit}, Dorrit},
	title = "{Women in the history of variable star astronomy}",
	publisher = {AAVSO},
	year = 1993,
	adsurl = {https://ui.adsabs.harvard.edu/abs/1993whvs.book.....H},
	adsnote = {Provided by the SAO/NASA Astrophysics Data System}
}


@ARTICLE{Pickering1890,
	author = {{Pickering}, Edward C.},
	title = "{The Draper Catalogue of stellar spectra}",
	journal = {Annals of Harvard College Observatory},
	year = 1890,
	month = jan,
	volume = {27},
	pages = {1-388},
	adsurl = {https://ui.adsabs.harvard.edu/abs/1890AnHar..27....1P},
	adsnote = {Provided by the SAO/NASA Astrophysics Data System}
}

@ARTICLE{Canon1901,
	author = {{Cannon}, Annie J. and {Pickering}, Edward C.},
	title = "{Spectra of bright southern stars photographed with the 13-inch Boyden telescope as part of the Henry Draper Memorial}",
	journal = {Annals of Harvard College Observatory},
	keywords = {STARS: SPECTRA, STARS: CATALOGS, STARS: CLASSIFICATION},
	year = 1901,
	month = jan,
	volume = {28},
	pages = {129-P.6},
	adsurl = {https://ui.adsabs.harvard.edu/abs/1901AnHar..28..129C},
	adsnote = {Provided by the SAO/NASA Astrophysics Data System}
}

@ARTICLE{Leavitt1908,
	author = {{Leavitt}, Henrietta S.},
	title = "{1777 variables in the Magellanic Clouds}",
	journal = {Annals of Harvard College Observatory},
	year = 1908,
	month = jan,
	volume = {60},
	pages = {87-108.3},
	adsurl = {https://ui.adsabs.harvard.edu/abs/1908AnHar..60...87L},
	adsnote = {Provided by the SAO/NASA Astrophysics Data System}
}

@ARTICLE{Leavitt1912,
	author = {{Leavitt}, Henrietta S. and {Pickering}, Edward C.},
	title = "{Periods of 25 Variable Stars in the Small Magellanic Cloud.}",
	journal = {Harvard College Observatory Circular},
	year = 1912,
	month = mar,
	volume = {173},
	pages = {1-3},
	adsurl = {https://ui.adsabs.harvard.edu/abs/1912HarCi.173....1L},
	adsnote = {Provided by the SAO/NASA Astrophysics Data System}
}

@ARTICLE{Hertzsprung1913,
       author = {{Hertzsprung}, Ejnar},
        title = "{{\"U}ber die r{\"a}umliche Verteilung der Ver{\"a}nderlichen vom {\ensuremath{\delta}} Cephei-Typus}",
      journal = {Astronomische Nachrichten},
         year = 1913,
        month = nov,
       volume = {196},
        pages = {201},
       adsurl = {https://ui.adsabs.harvard.edu/abs/1913AN....196..201H},
      adsnote = {Provided by the SAO/NASA Astrophysics Data System}
}

@article{Fernie1969,
	doi = {10.1086/128847},
	url = {https://doi.org/10.1086/128847},
	year = 1969,
	month = {dec},
	publisher = {{IOP} Publishing},
	volume = {81},
	pages = {707},
	author = {J. D. Fernie},
	title = {The Period-Luminosity Relation: A Historical Review},
	journal = {Publications of the Astronomical Society of the Pacific},
	abstract = {}
}

@ARTICLE{Russell1914,
	author = {{Russell}, H.~N. and {Shapley}, H.},
	title = "{On the distribution of eclipsing variable stars in space.}",
	journal = {\apj},
	year = 1914,
	month = dec,
	volume = {40},
	pages = {417-434},
	doi = {10.1086/142134},
	adsurl = {https://ui.adsabs.harvard.edu/abs/1914ApJ....40..417R},
	adsnote = {Provided by the SAO/NASA Astrophysics Data System}
}

@ARTICLE{Shapley1918,
	author = {{Shapley}, Harlow.},
	title = "{No. 152. Studies based on the colors and magnitudes in stellar clusters. Seventh paper: The distances, distribution in space, and dimensions of 69 globular clusters.}",
	journal = {Contributions from the Mount Wilson Observatory},
	year = 1918,
	month = jan,
	volume = {152},
	pages = {1-28},
	adsurl = {https://ui.adsabs.harvard.edu/abs/1918CMWCI.152....1S},
	adsnote = {Provided by the SAO/NASA Astrophysics Data System}
}


@ARTICLE{Shapley1924L,
	author = {{Shapley}, Harlow.},
	title = "{The Magellanic Clouds, III. The Distance and Linear Dimensions of the Large Cloud.}",
	journal = {Harvard College Observatory Circular},
	year = 1924,
	month = dec,
	volume = {268},
	pages = {1-4},
	adsurl = {https://ui.adsabs.harvard.edu/abs/1924HarCi.268....1S},
	adsnote = {Provided by the SAO/NASA Astrophysics Data System}
}


@ARTICLE{Shapley1924S,
	author = {{Shapley}, Harlow.},
	title = "{The Magellanic Clouds, I. The Distance and Linear Dimensions of the Small Cloud.}",
	journal = {Harvard College Observatory Circular},
	year = 1924,
	month = may,
	volume = {255},
	pages = {1-5},
	adsurl = {https://ui.adsabs.harvard.edu/abs/1924HarCi.255....1S},
	adsnote = {Provided by the SAO/NASA Astrophysics Data System}
}



@ARTICLE{Hubble1925a,
	author = {{Hubble}, E.~P.},
	title = "{Cepheids in Spiral Nebulae}",
	journal = {Popular Astronomy},
	year = 1925,
	month = jan,
	volume = {33},
	pages = {252-255},
	adsurl = {https://ui.adsabs.harvard.edu/abs/1925PA.....33..252H},
	adsnote = {Provided by the SAO/NASA Astrophysics Data System}
}

@ARTICLE{Hubble1925b,
	author = {{Hubble}, E.~P.},
	title = "{NGC 6822, a remote stellar system.}",
	journal = {\apj},
	year = 1925,
	month = dec,
	volume = {62},
	pages = {409-433},
	doi = {10.1086/142943},
	adsurl = {https://ui.adsabs.harvard.edu/abs/1925ApJ....62..409H},
	adsnote = {Provided by the SAO/NASA Astrophysics Data System}
}

@ARTICLE{Hubble1929,
	author = {{Hubble}, Edwin},
	title = "{A Relation between Distance and Radial Velocity among Extra-Galactic Nebulae}",
	journal = {Proceedings of the National Academy of Science},
	year = 1929,
	month = mar,
	volume = {15},
	number = {3},
	pages = {168-173},
	doi = {10.1073/pnas.15.3.168},
	adsurl = {https://ui.adsabs.harvard.edu/abs/1929PNAS...15..168H},
	adsnote = {Provided by the SAO/NASA Astrophysics Data System}
}

@ARTICLE{Fiedmann1922,
	author = {{Friedmann}, A.},
	title = "{{\"U}ber die Kr{\"u}mmung des Raumes}",
	journal = {Zeitschrift fur Physik},
	year = 1922,
	month = jan,
	volume = {10},
	pages = {377-386},
	doi = {10.1007/BF01332580},
	adsurl = {https://ui.adsabs.harvard.edu/abs/1922ZPhy...10..377F},
	adsnote = {Provided by the SAO/NASA Astrophysics Data System}
}

@ARTICLE{Lemaitre1927,
	author = {{Lema{\^\i}tre}, G.},
	title = "{Un Univers homog{\`e}ne de masse constante et de rayon croissant rendant compte de la vitesse radiale des n{\'e}buleuses extra-galactiques}",
	journal = {Annales de la Société Scientifique de Bruxelles},
	keywords = {cosmology, big-bang theory},
	year = 1927,
	month = jan,
	volume = {47},
	pages = {49-59},
	adsurl = {https://ui.adsabs.harvard.edu/abs/1927ASSB...47...49L},
	adsnote = {Provided by the SAO/NASA Astrophysics Data System}
}

@book{Dalrymple1994,
	title={The Age of the Earth},
	author={Dalrymple, G.B.},
	isbn={9780804723312},
	lccn={90047051},
	year={1994},
	publisher={Stanford University Press}
}


@ARTICLE{Baade1944,
	author = {{Baade}, W.},
	title = "{The Resolution of Messier 32, NGC 205, and the Central Region of the Andromeda Nebula.}",
	journal = {\apj},
	year = 1944,
	month = sep,
	volume = {100},
	pages = {137},
	doi = {10.1086/144650},
	adsurl = {https://ui.adsabs.harvard.edu/abs/1944ApJ...100..137B},
	adsnote = {Provided by the SAO/NASA Astrophysics Data System}
}


@ARTICLE{Baade1956,
	author = {{Baade}, W.},
	title = "{The Period-Luminosity Relation of the Cepheids}",
	journal = {\pasp},
	year = 1956,
	month = feb,
	volume = {68},
	number = {400},
	pages = {5},
	doi = {10.1086/126870},
	adsurl = {https://ui.adsabs.harvard.edu/abs/1956PASP...68....5B},
	adsnote = {Provided by the SAO/NASA Astrophysics Data System}
}

@ARTICLE{Arp1955,
	author = {{Arp}, H.~C.},
	title = "{Cepheids of period greater than 1 day in globular clusters.}",
	journal = {\aj},
	year = 1955,
	month = jan,
	volume = {60},
	pages = {1-17},
	doi = {10.1086/107091},
	adsurl = {https://ui.adsabs.harvard.edu/abs/1955AJ.....60....1A},
	adsnote = {Provided by the SAO/NASA Astrophysics Data System}
}




@article{Patterson1955,
	doi = {10.1126/science.121.3134.69},
	url = {https://doi.org/10.1126/science.121.3134.69},
	year = {1955},
	month = jan,
	publisher = {American Association for the Advancement of Science ({AAAS})},
	volume = {121},
	number = {3134},
	pages = {69--75},
	author = {C. Patterson and G. Tilton and M. Inghram},
	title = {Age of the Earth},
	journal = {Science}
}

@ARTICLE{Sandage1956,
	author = {{Humason}, M.~L. and {Mayall}, N.~U. and {Sandage}, A.~R.},
	title = "{Redshifts and magnitudes of extragalactic nebulae.}",
	journal = {\aj},
	year = 1956,
	month = jan,
	volume = {61},
	pages = {97-162},
	doi = {10.1086/107297},
	adsurl = {https://ui.adsabs.harvard.edu/abs/1956AJ.....61...97H},
	adsnote = {Provided by the SAO/NASA Astrophysics Data System}
}

@ARTICLE{Sandage1958,
	author = {{Sandage}, Allan},
	title = "{Current Problems in the Extragalactic Distance Scale.}",
	journal = {\apj},
	year = 1958,
	month = may,
	volume = {127},
	pages = {513},
	doi = {10.1086/146483},
	adsurl = {https://ui.adsabs.harvard.edu/abs/1958ApJ...127..513S},
	adsnote = {Provided by the SAO/NASA Astrophysics Data System}
}

@article{Freedman2001,
	doi = {10.1086/320638},
	url = {https://doi.org/10.1086/320638},
	year = {2001},
	month = may,
	publisher = {American Astronomical Society},
	volume = {553},
	number = {1},
	pages = {47--72},
	author = {Wendy L. Freedman and Barry F. Madore and Brad K. Gibson and Laura Ferrarese and Daniel D. Kelson and Shoko Sakai and Jeremy R. Mould and Robert C. Kennicutt,  Jr. and Holland C. Ford and John A. Graham and John P. Huchra and Shaun M. G. Hughes and Garth D. Illingworth and Lucas M. Macri and Peter B. Stetson},
	title = {Final Results from the Hubble Space Telescope Key Project to Measure the Hubble Constant},
	journal = {The Astrophysical Journal}
}


@article{OGLE2017,
  place = {PL},
  title = {Concluding Henrietta Leavitt’s Work on Classical Cepheids in the Magellanic System and Other Updates of the OGLE Collection of Variable Stars},
  volume = {67},
  ISSN = {00015237},
  url = {https://doi.org/10.32023/0001-5237/67.2.1},
  DOI = {10.32023/0001-5237/67.2.1},
  number = {2},
  journal = {Acta Astronomica},
  publisher = {Copernicus Foundation for Polish Astronomy},
  author = {Soszyński,  I. and Udalski,  A. and Szymański,  M.K. and Wyrzykowski,  Ł. and Ulaczyk,  K. and Poleski,  R. and Pietrukowicz,  P. and Kozłowski,  S. and Skowron,  D.M. and Skowron,  J. and et al.},
  year = {2017},
  month = Jun,
  pages = {103–113}
}


@article{Skowron2019,
	doi = {10.1126/science.aau3181},
	url = {https://doi.org/10.1126/science.aau3181},
	year = {2019},
	month = aug,
	publisher = {American Association for the Advancement of Science ({AAAS})},
	volume = {365},
	number = {6452},
	pages = {478--482},
	author = {Dorota M. Skowron and Jan Skowron and Przemek Mr{\'{o}}z and Andrzej Udalski and Pawe{\l} Pietrukowicz and Igor Soszy{\'{n}}ski and Micha{\l} K. Szyma{\'{n}}ski and Rados{\l}aw Poleski and Szymon Koz{\l}owski and Krzysztof Ulaczyk and Krzysztof Rybicki and Patryk Iwanek},
	title = {A three-dimensional map of the Milky Way using classical Cepheid variable stars},
	journal = {Science}
}

@article{Mroz2019,
  doi = {10.3847/2041-8213/aaf73f},
  url = {https://doi.org/10.3847/2041-8213/aaf73f},
  year = {2019},
  month = jan,
  publisher = {American Astronomical Society},
  volume = {870},
  number = {1},
  pages = {L10},
  author = {Przemek Mr{\'{o}}z and Andrzej Udalski and Dorota M. Skowron and Jan Skowron and Igor Soszy{\'{n}}ski and Pawe{\l} Pietrukowicz and Micha{\l} K. Szyma{\'{n}}ski and Rados{\l}aw Poleski and Szymon Koz{\l}owski and Krzysztof Ulaczyk},
  title = {Rotation Curve of the Milky Way from Classical Cepheids},
  journal = {The Astrophysical Journal}
}


@ARTICLE{Araucaria2019,
       author = {{Pietrzy{\'n}ski}, G. and {Graczyk}, D. and {Gallenne}, A. and {Gieren}, W. and {Thompson}, I.~B. and {Pilecki}, B. and {Karczmarek}, P. and {G{\'o}rski}, M. and {Suchomska}, K. and {Taormina}, M. and {Zgirski}, B. and {Wielg{\'o}rski}, P. and {Ko{\l}aczkowski}, Z. and {Konorski}, P. and {Villanova}, S. and {Nardetto}, N. and {Kervella}, P. and {Bresolin}, F. and {Kudritzki}, R.~P. and {Storm}, J. and {Smolec}, R. and {Narloch}, W.},
        title = "{A distance to the Large Magellanic Cloud that is precise to one per cent}",
      journal = {\nat},
     keywords = {Astrophysics - Astrophysics of Galaxies},
         year = 2019,
        month = mar,
       volume = {567},
       number = {7747},
        pages = {200-203},
          doi = {10.1038/s41586-019-0999-4},
archivePrefix = {arXiv},
       eprint = {1903.08096},
 primaryClass = {astro-ph.GA},
       adsurl = {https://ui.adsabs.harvard.edu/abs/2019Natur.567..200P},
      adsnote = {Provided by the SAO/NASA Astrophysics Data System}
}

@ARTICLE{Araucaria2014,
       author = {{Graczyk}, Dariusz and {Pietrzy{\'n}ski}, Grzegorz and {Thompson}, Ian B. and {Gieren}, Wolfgang and {Pilecki}, Bogumi{\l} and {Konorski}, Piotr and {Udalski}, Andrzej and {Soszy{\'n}ski}, Igor and {Villanova}, Sandro and {G{\'o}rski}, Marek and {Suchomska}, Ksenia and {Karczmarek}, Paulina and {Kudritzki}, Rolf-Peter and {Bresolin}, Fabio and {Gallenne}, Alexandre},
        title = "{The Araucaria Project. The Distance to the Small Magellanic Cloud from Late-type Eclipsing Binaries}",
      journal = {\apj},
     keywords = {binaries: eclipsing, galaxies: individual: SMC, stars: late-type, Astrophysics - Cosmology and Nongalactic Astrophysics, Astrophysics - Solar and Stellar Astrophysics},
         year = 2014,
        month = jan,
       volume = {780},
       number = {1},
          eid = {59},
        pages = {59},
          doi = {10.1088/0004-637X/780/1/59},
archivePrefix = {arXiv},
       eprint = {1311.2340},
 primaryClass = {astro-ph.CO},
       adsurl = {https://ui.adsabs.harvard.edu/abs/2014ApJ...780...59G},
      adsnote = {Provided by the SAO/NASA Astrophysics Data System}
}


@INPROCEEDINGS{Zabolotski2005,
	author = {{Zabolotskikh}, M.~V. and {Sachkov}, M.~E. and {Berdnikov}, L.~N. and {Rastorguev}, A.~S. and {Egorov}, I.~E.},
	title = "{The Classification of Cepheids by Pulsation Modes and the Problem of the Distance scale}",
	keywords = {Cepheids, Classification, Neural networks},
	booktitle = {The Three-Dimensional Universe with Gaia},
	year = 2005,
	editor = {{Turon}, C. and {O'Flaherty}, K.~S. and {Perryman}, M.~A.~C.},
	series = {ESA Special Publication},
	volume = {576},
	month = jan,
	pages = {723},
	adsurl = {https://ui.adsabs.harvard.edu/abs/2005ESASP.576..723Z},
	adsnote = {Provided by the SAO/NASA Astrophysics Data System}
}

@misc{OGLE2016,
      title={The OGLE Collection of Variable Stars. Classical Cepheids in the Magellanic System}, 
      author={I. Soszynski and A. Udalski and M. K. Szymanski and D. Skowron and G. Pietrzynski and R. Poleski and P. Pietrukowicz and J. Skowron and P. Mroz and S. Kozlowski and L. Wyrzykowski and K. Ulaczyk and M. Pawlak},
      year={2016},
      eprint={1601.01318},
      archivePrefix={arXiv},
      primaryClass={astro-ph.SR}
}









